%% This BibTeX bibliography file was created using BibDesk.
%% http://bibdesk.sourceforge.net/

%% Created for Josh Chang at 2017-06-24 14:02:20 -0400 


%% Saved with string encoding Unicode (UTF-8) 



@article{arkes2010revisiting,
	Author = {Arkes, Jeremy},
	Date-Added = {2017-06-24 17:58:53 +0000},
	Date-Modified = {2017-06-24 17:58:53 +0000},
	Journal = {Journal of Quantitative Analysis in Sports},
	Number = {1},
	Pages = {2},
	Publisher = {bepress},
	Title = {Revisiting the hot hand theory with free throw data in a multivariate framework},
	Volume = {6},
	Year = {2010}}
	
@article{arkes2013misses,
  title={Misses in ``hot hand'' research},
  author={Arkes, Jeremy},
  journal={Journal of Sports Economics},
  volume={14},
  number={4},
  pages={401--410},
  year={2013},
  publisher={Sage Publications Sage CA: Los Angeles, CA}
}
@article{ayton2004hot,
  title={The hot hand fallacy and the gambler?s fallacy: Two faces of subjective randomness?},
  author={Ayton, Peter and Fischer, Ilan},
  journal={Memory \& cognition},
  volume={32},
  number={8},
  pages={1369--1378},
  year={2004},
  publisher={Springer}
}

@article{bar2006twenty,
  title={Twenty years of ?hot hand? research: Review and critique},
  author={Bar-Eli, Michael and Avugos, Simcha and Raab, Markus},
  journal={Psychology of Sport and Exercise},
  volume={7},
  number={6},
  pages={525--553},
  year={2006},
  publisher={Elsevier}
}



@article{camerer1989does,
  title={Does the Basketball Market Believe in theHot Hand,'?},
  author={Camerer, Colin F},
  journal={The American Economic Review},
  volume={79},
  number={5},
  pages={1257--1261},
  year={1989},
  publisher={JSTOR}
}

@inproceedings{bocskocsky2014hot,
	Author = {Bocskocsky, Andrew and Ezekowitz, John and Stein, Carolyn},
	Booktitle = {8th Annual Mit Sloan Sports Analytics Conference},
	Date-Added = {2017-06-24 17:55:54 +0000},
	Date-Modified = {2017-06-24 17:55:54 +0000},
	Title = {The hot hand: A new approach to an old `fallacy'},
	Year = {2014}}

@article{miller2016surprised,
	Author = {Miller, Joshua Benjamin and Sanjurjo, Adam},
	Date-Added = {2017-06-24 17:54:33 +0000},
	Date-Modified = {2017-06-24 17:54:33 +0000},
	Title = {Surprised by the gambler's and hot hand fallacies? A truth in the law of small numbers},
	Year = {2016}}

@article{gilovich1985hot,
	Author = {Gilovich, Thomas and Vallone, Robert and Tversky, Amos},
	Date-Added = {2017-06-24 16:27:17 +0000},
	Date-Modified = {2017-06-24 16:27:17 +0000},
	Journal = {Cognitive psychology},
	Number = {3},
	Pages = {295--314},
	Publisher = {Elsevier},
	Title = {The hot hand in basketball: On the misperception of random sequences},
	Volume = {17},
	Year = {1985}}

@inproceedings{burns2001hot,
	Author = {Burns, Bruce D},
	Booktitle = {Proceedings of the twenty-third annual meeting of the cognitive science society},
	Date-Added = {2017-06-24 16:24:09 +0000},
	Date-Modified = {2017-06-24 16:24:09 +0000},
	Pages = {152--157},
	Title = {The hot hand in basketball: Fallacy or adaptive thinking},
	Year = {2001}}

@article{katz1981some,
	Author = {Katz, Richard W},
	Date-Added = {2017-02-19 23:49:48 +0000},
	Date-Modified = {2017-02-19 23:49:48 +0000},
	Journal = {Technometrics},
	Number = {3},
	Pages = {243--249},
	Publisher = {Taylor \& Francis Group},
	Title = {On some criteria for estimating the order of a Markov chain},
	Volume = {23},
	Year = {1981}}

@article{tong1975determination,
	Author = {Tong, Howell},
	Date-Added = {2017-02-19 23:48:28 +0000},
	Date-Modified = {2017-02-19 23:48:28 +0000},
	Journal = {Journal of Applied Probability},
	Number = {03},
	Pages = {488--497},
	Publisher = {Cambridge Univ Press},
	Title = {Determination of the order of a Markov chain by Akaike's information criterion},
	Volume = {12},
	Year = {1975}}

@article{yuan1999prediction,
	Author = {Yuan, Zheng},
	Date-Added = {2017-02-19 23:47:16 +0000},
	Date-Modified = {2017-02-19 23:47:16 +0000},
	Journal = {FEBS letters},
	Number = {1},
	Pages = {23--26},
	Publisher = {Wiley Online Library},
	Title = {Prediction of protein subcellular locations using Markov chain models},
	Volume = {451},
	Year = {1999}}

@article{singer2014memory,
	Author = {Singer, Philipp and Helic, Denis and Taraghi, Behnam and Strohmaier, Markus},
	Date-Added = {2017-02-19 23:25:59 +0000},
	Date-Modified = {2017-02-19 23:25:59 +0000},
	Journal = {Preprint at http://arXiv. org/abs/1402.0790},
	Title = {Memory and structure in human navigation patterns},
	Year = {2014}}

@article{bettenbuhl2012bayesian,
	Author = {Bettenb{\"u}hl, Mario and Rusconi, Marco and Engbert, Ralf and Holschneider, Matthias},
	Date-Added = {2017-02-19 22:19:15 +0000},
	Date-Modified = {2017-02-19 22:19:15 +0000},
	Journal = {PloS one},
	Number = {9},
	Pages = {e43388},
	Publisher = {Public Library of Science},
	Title = {Bayesian selection of Markov models for symbol sequences: Application to microsaccadic eye movements},
	Volume = {7},
	Year = {2012}}

@article{narlikar2013one,
	Author = {Narlikar, Leelavati and Mehta, Nidhi and Galande, Sanjeev and Arjunwadkar, Mihir},
	Date-Added = {2017-02-19 22:06:46 +0000},
	Date-Modified = {2017-02-19 22:06:46 +0000},
	Journal = {Nucleic acids research},
	Number = {3},
	Pages = {1416--1424},
	Publisher = {Oxford Univ Press},
	Title = {One size does not fit all: On how Markov model order dictates performance of genomic sequence analyses},
	Volume = {41},
	Year = {2013}}

@article{singer2014detecting,
	Author = {Singer, Philipp and Helic, Denis and Taraghi, Behnam and Strohmaier, Markus},
	Date-Added = {2017-02-19 21:37:20 +0000},
	Date-Modified = {2017-02-19 21:37:20 +0000},
	Journal = {PloS one},
	Number = {7},
	Pages = {e102070},
	Publisher = {Public Library of Science},
	Title = {Detecting memory and structure in human navigation patterns using markov chain models of varying order},
	Volume = {9},
	Year = {2014}}

@article{strelioff2007inferring,
	Author = {Strelioff, Christopher C and Crutchfield, James P and H{\"u}bler, Alfred W},
	Date-Added = {2017-02-19 21:35:00 +0000},
	Date-Modified = {2017-02-19 21:35:00 +0000},
	Journal = {Physical Review E},
	Number = {1},
	Pages = {011106},
	Publisher = {APS},
	Title = {Inferring markov chains: Bayesian estimation, model comparison, entropy rate, and out-of-class modeling},
	Volume = {76},
	Year = {2007}}

@article{li1990some,
	Author = {Li, WK and Kwok, Michael CO},
	Date-Added = {2017-02-18 11:55:38 +0000},
	Date-Modified = {2017-02-18 11:55:38 +0000},
	Journal = {Communications in Statistics-Simulation and Computation},
	Number = {1},
	Pages = {363--380},
	Publisher = {Taylor \& Francis},
	Title = {Some results on the estimation of a higher order Markov chain},
	Volume = {19},
	Year = {1990}}

@article{usatenko2003symbolic,
	Author = {Usatenko, OV and Yampol'skii, VA and Kechedzhy, KE and Mel'nyk, SS},
	Date-Added = {2017-02-18 11:53:57 +0000},
	Date-Modified = {2017-02-18 11:53:57 +0000},
	Journal = {Physical Review E},
	Number = {6},
	Pages = {061107},
	Publisher = {APS},
	Title = {Symbolic stochastic dynamical systems viewed as binary N-step Markov chains},
	Volume = {68},
	Year = {2003}}

@article{usatenko2003binary,
	Author = {Usatenko, Oleg V and Yampol'skii, Valery Aleksandrovich},
	Date-Added = {2017-02-18 11:53:16 +0000},
	Date-Modified = {2017-02-18 11:53:16 +0000},
	Journal = {Physical review letters},
	Number = {11},
	Pages = {110601},
	Publisher = {APS},
	Title = {Binary N-step Markov chains and long-range correlated systems},
	Volume = {90},
	Year = {2003}}

@article{melnyk2006memory,
	Author = {Melnyk, SS and Usatenko, OV and Yampol'skii, VA},
	Date-Added = {2017-02-18 11:51:59 +0000},
	Date-Modified = {2017-02-18 11:51:59 +0000},
	Journal = {Physica A: Statistical Mechanics and its Applications},
	Number = {2},
	Pages = {405--415},
	Publisher = {Elsevier},
	Title = {Memory functions of the additive Markov chains: applications to complex dynamic systems},
	Volume = {361},
	Year = {2006}}

@article{hurvich1989regression,
	Author = {Hurvich, Clifford M and Tsai, Chih-Ling},
	Date-Added = {2017-02-17 14:37:03 +0000},
	Date-Modified = {2017-02-17 14:37:03 +0000},
	Journal = {Biometrika},
	Pages = {297--307},
	Publisher = {JSTOR},
	Title = {Regression and time series model selection in small samples},
	Year = {1989}}

@book{burnham2003model,
	Author = {Burnham, Kenneth P and Anderson, David R},
	Date-Added = {2017-02-17 14:09:14 +0000},
	Date-Modified = {2017-02-17 14:09:14 +0000},
	Publisher = {Springer Science \& Business Media},
	Title = {Model selection and multimodel inference: a practical information-theoretic approach},
	Year = {2003}}

@article{pan2001akaike,
	Author = {Pan, Wei},
	Date-Added = {2017-02-17 11:30:08 +0000},
	Date-Modified = {2017-02-17 11:30:08 +0000},
	Journal = {Biometrics},
	Number = {1},
	Pages = {120--125},
	Publisher = {Wiley Online Library},
	Title = {Akaike's information criterion in generalized estimating equations},
	Volume = {57},
	Year = {2001}}

@book{claeskens2008model,
	Author = {Claeskens, Gerda and Hjort, Nils Lid and others},
	Date-Added = {2017-02-17 11:29:22 +0000},
	Date-Modified = {2017-02-17 11:29:22 +0000},
	Publisher = {Cambridge University Press Cambridge},
	Title = {Model selection and model averaging},
	Volume = {330},
	Year = {2008}}
	
@article{koehler2003hot,
  title={The ?hot hand? myth in professional basketball},
  author={Koehler, Jonathan J and Conley, Caryn A},
  journal={Journal of Sport and Exercise Psychology},
  volume={25},
  number={2},
  pages={253--259},
  year={2003}
}

@article{lavine1999bayes,
	Author = {Lavine, Michael and Schervish, Mark J},
	Date-Added = {2017-02-17 11:27:31 +0000},
	Date-Modified = {2017-02-17 11:27:31 +0000},
	Journal = {The American Statistician},
	Number = {2},
	Pages = {119--122},
	Publisher = {Taylor \& Francis},
	Title = {Bayes factors: what they are and what they are not},
	Volume = {53},
	Year = {1999}}

@article{posada2004model,
	Author = {Posada, David and Buckley, Thomas R},
	Date-Added = {2017-02-17 11:25:23 +0000},
	Date-Modified = {2017-02-17 11:25:23 +0000},
	Journal = {Systematic biology},
	Number = {5},
	Pages = {793--808},
	Publisher = {Oxford University Press},
	Title = {Model selection and model averaging in phylogenetics: advantages of Akaike information criterion and Bayesian approaches over likelihood ratio tests},
	Volume = {53},
	Year = {2004}}
	
@article{rao2009experts,
  title={Experts? perceptions of autocorrelation: The hot hand fallacy among professional basketball players},
  author={Rao, Justin M},
  journal={Unpublished technical manuscript. California. San Diego. Downloaded from http://www. justinmrao. com/playersbeliefs. pdf.(July 11th 2012)},
  year={2009}
}

@article{akaike1974new,
	Author = {Akaike, Hirotugu},
	Date-Added = {2017-02-17 02:45:46 +0000},
	Date-Modified = {2017-02-17 02:45:46 +0000},
	Journal = {IEEE transactions on automatic control},
	Number = {6},
	Pages = {716--723},
	Publisher = {Ieee},
	Title = {A new look at the statistical model identification},
	Volume = {19},
	Year = {1974}}

@article{gelman2014understanding,
	Author = {Gelman, Andrew and Hwang, Jessica and Vehtari, Aki},
	Journal = {Statistics and Computing},
	Number = {6},
	Pages = {997--1016},
	Publisher = {Springer},
	Title = {Understanding predictive information criteria for Bayesian models},
	Volume = {24},
	Year = {2014}}

@article{watanabe2010asymptotic,
	Author = {Watanabe, Sumio},
	Journal = {Journal of Machine Learning Research},
	Number = {Dec},
	Pages = {3571--3594},
	Title = {Asymptotic equivalence of Bayes cross validation and widely applicable information criterion in singular learning theory},
	Volume = {11},
	Year = {2010}}

@article{watanabe2013widely,
	Author = {Watanabe, Sumio},
	Journal = {Journal of Machine Learning Research},
	Number = {Mar},
	Pages = {867--897},
	Title = {A widely applicable Bayesian information criterion},
	Volume = {14},
	Year = {2013}}
